@book{pcgbook,
	title={Procedural content generation in games},
	author={Shaker, Noor and Togelius, Julian and Nelson, Mark J},
	year={2016},
	publisher={Springer}
}

@article{adams2015simulation,
	title={Simulation principles from Dwarf Fortress},
	author={Adams, Tarn},
	journal={Game AI Pro},
	volume={2},
	pages={549},
	year={2015}
}

@article{andrews2005cellular,
	title={Cellular Automata and Applications},
	author={Andrews, Gavin and Dobrin, Adam},
	year={2005}
}

@inproceedings{bidarra2010integrating,
	title={Integrating semantics and procedural generation: key enabling factors for declarative modeling of virtual worlds},
	author={Bidarra, Rafael and de Kraker, Klaas Jan and Smelik, R and Tutenel, Tim},
	booktitle={Proceedings of the FOCUS K3D Conference on Semantic 3D Media and Content, Sophia Antipolis-M{\'e}diterran{\'e}e, France},
	year={2010}
}

@inproceedings{de2011survey,
	title={A survey of procedural content generation techniques suitable to game development},
	author={De Carli, Daniel Michelon and Bevilacqua, Fernando and Pozzer, Cesar Tadeu and Cordeiro dOrnellas, Marcos},
	booktitle={Games and Digital Entertainment (SBGAMES), 2011 Brazilian Symposium on},
	pages={26--35},
	year={2011},
	organization={IEEE}
}

@article{doran2010controlled,
  title={Controlled procedural terrain generation using software agents},
  author={Doran, Jonathon and Parberry, Ian},
  journal={IEEE Transactions on Computational Intelligence and AI in Games},
  volume={2},
  number={2},
  pages={111--119},
  year={2010},
  publisher={IEEE}
}


@article{hendrikx2013procedural,
	title={Procedural content generation for games: A survey},
	author={Hendrikx, Mark and Meijer, Sebastiaan and Van Der Velden, Joeri and Iosup, Alexandru},
	journal={ACM Transactions on Multimedia Computing, Communications, and Applications (TOMM)},
	volume={9},
	number={1},
	pages={1},
	year={2013},
	publisher={ACM}
}


@inproceedings{johnson2010cellular,
	title={Cellular automata for real-time generation of infinite cave levels},
	author={Johnson, Lawrence and Yannakakis, Georgios N and Togelius, Julian},
	booktitle={Proceedings of the 2010 Workshop on Procedural Content Generation in Games},
	pages={10},
	year={2010},
	organization={ACM}
}




@inproceedings{liapis2013sentient,
	title={Sentient Sketchbook: Computer-aided game level authoring.},
	author={Liapis, Antonios and Yannakakis, Georgios N and Togelius, Julian},
	booktitle={FDG},
	pages={213--220},
	year={2013}
}


@article{togelius2011search,
  title={Search-based procedural content generation: A taxonomy and survey},
  author={Togelius, Julian and Yannakakis, Georgios N and Stanley, Kenneth O and Browne, Cameron},
  journal={IEEE Transactions on Computational Intelligence and AI in Games},
  volume={3},
  number={3},
  pages={172--186},
  year={2011},
  publisher={IEEE}
}

@article{packard1985two,
	title={Two-dimensional cellular automata},
	author={Packard, Norman H and Wolfram, Stephen},
	journal={Journal of Statistical physics},
	volume={38},
	number={5-6},
	pages={901--946},
	year={1985},
	publisher={Springer}
}

@inproceedings{raffe2012survey,
	title={A survey of procedural terrain generation techniques using evolutionary algorithms},
	author={Raffe, William L and Zambetta, Fabio and Li, Xiaodong},
	booktitle={Evolutionary Computation (CEC), 2012 IEEE Congress on},
	pages={1--8},
	year={2012},
	organization={IEEE}
}

@article{schiff2005introduction,
	title={Introduction to cellular automata},
	author={Schiff, JL},
	journal={URL: http://psoup. math. wisc. edu/pub/Schiff\_CAbook. pdf},
	year={2005}
}

@inproceedings{smelik2010integrating,
	title={Integrating procedural generation and manual editing of virtual worlds},
	author={Smelik, Ruben and Tutenel, Tim and de Kraker, Klaas Jan and Bidarra, Rafael},
	booktitle={Proceedings of the 2010 Workshop on Procedural Content Generation in Games},
	pages={2},
	year={2010},
	organization={ACM}
}

@article{smelik2011declarative,
	title={A declarative approach to procedural modeling of virtual worlds},
	author={Smelik, Ruben Micha{\"e}l and Tutenel, Tim and de Kraker, Klaas Jan and Bidarra, Rafael},
	journal={Computers \& Graphics},
	volume={35},
	number={2},
	pages={352--363},
	year={2011},
	publisher={Elsevier}
}
@inproceedings{smelik2014survey,
	title={A survey on procedural modelling for virtual worlds},
	author={Smelik, Ruben M and Tutenel, Tim and Bidarra, Rafael and Benes, Bedrich},
	booktitle={Computer Graphics Forum},
	volume={33},
	number={6},
	pages={31--50},
	year={2014},
	organization={Wiley Online Library}
}

@inproceedings{smith2010analyzing,
	title={Analyzing the expressive range of a level generator},
	author={Smith, Gillian and Whitehead, Jim},
	booktitle={Proceedings of the 2010 Workshop on Procedural Content Generation in Games},
	pages={4},
	year={2010},
	organization={ACM}
}

@inproceedings{van2013designing,
	title={Designing procedurally generated levels},
	author={Van der Linden, Roland and Lopes, Ricardo and Bidarra, Rafael},
	booktitle={Proceedings of the the second workshop on Artificial Intelligence in the Game Design Process},
	year={2013}
}

@article{van2014procedural,
	title={Procedural generation of dungeons},
	author={van der Linden, Roland and Lopes, Ricardo and Bidarra, Rafael},
	journal={IEEE Transactions on Computational Intelligence and AI in Games},
	volume={6},
	number={1},
	pages={78--89},
	year={2014},
	publisher={IEEE}
}

@book{wolfram2002new,
	title={A new kind of science},
	author={Wolfram, Stephen},
	volume={5},
	year={2002},
	publisher={Wolfram media Champaign}
}


@inproceedings{snodgrass2014experiments,
	title={Experiments in map generation using Markov chains.},
	author={Snodgrass, Sam and Onta{\~n}{\'o}n, Santiago},
	booktitle={FDG},
	year={2014}
}


@article{Sarkar:2000:BHC:349194.349202,
	author = {Sarkar, Palash},
	title = {A Brief History of Cellular Automata},
	journal = {ACM Comput. Surv.},
	issue_date = {March 2000},
	volume = {32},
	number = {1},
	month = mar,
	year = {2000},
	issn = {0360-0300},
	pages = {80--107},
	numpages = {28},
	url = {http://doi.acm.org/10.1145/349194.349202},
	doi = {10.1145/349194.349202},
	acmid = {349202},
	publisher = {ACM},
	address = {New York, NY, USA},
	keywords = {cellular automata, cellular space, homogeneous structures, systolic arrays, tessellation automata},
} 

@book{shiffman2012nature,
	title={The Nature of Code: Simulating Natural Systems with Processing},
	author={Shiffman, Daniel},
	year={2012},
	publisher={Daniel Shiffman}
}

@inproceedings{kelly2007citygen,
	title={Citygen: An interactive system for procedural city generation},
	author={Kelly, George and McCabe, Hugh},
	booktitle={Fifth International Conference on Game Design and Technology},
	pages={8--16},
	year={2007}
}

@inproceedings{lefebvre2003pattern,
	title={Pattern based procedural textures},
	author={Lefebvre, Sylvain and Neyret, Fabrice},
	booktitle={Proceedings of the 2003 symposium on Interactive 3D graphics},
	pages={203--212},
	year={2003},
	organization={ACM}
}

@inproceedings{smelik2009survey,
	title={A survey of procedural methods for terrain modelling},
	author={Smelik, Ruben M and De Kraker, Klaas Jan and Tutenel, Tim and Bidarra, Rafael and Groenewegen, Saskia A},
	booktitle={Proceedings of the CASA Workshop on 3D Advanced Media In Gaming And Simulation (3AMIGAS)},
	pages={25--34},
	year={2009}
}

@inproceedings{iosup2009poggi,
	title={Poggi: Puzzle-based online games on grid infrastructures},
	author={Iosup, Alexandru},
	booktitle={European Conference on Parallel Processing},
	pages={390--403},
	year={2009},
	organization={Springer}
}

@book{snyder1993flattening,
	title={Flattening the Earth: Two Thousand Years of Map Projections},
	author={Snyder, J.P.},
	isbn={9780226767468},
	lccn={92036750},
	url={https://books.google.pl/books?id=MuyjQgAACAAJ},
	year={1993},
	publisher={University of Chicago Press}
}

@article{wolfram1984cellular,
	title={Cellular automata as models of complexity},
	author={Wolfram, Stephen},
	journal={Nature},
	volume={311},
	number={5985},
	pages={419},
	year={1984},
	publisher={Nature Publishing Group}
}

@phdthesis{fourie2015parallel,
	title={A parallel cellular automaton simulation framework using CUDA},
	author={Fourie, Ryno},
	year={2015},
	school={Stellenbosch: Stellenbosch University}
}

@book{bagrow2017history,
	title={History of Cartography},
	author={Bagrow, L.},
	isbn={9781351515580}, 
	year={2017},
	publisher={Taylor \& Francis}
}
